<record><leader>00000cas a2200000 a 4500</leader><controlfield tag="001">27017868</controlfield><controlfield tag="008">921123d18541857iluwr ne      0   a0eng c</controlfield><datafield ind1=" " ind2=" " tag="010"><subfield code="a">sn 92053406 </subfield></datafield><datafield ind1=" " ind2=" " tag="040"><subfield code="a">NVF</subfield><subfield code="b">eng</subfield><subfield code="c">NVF</subfield><subfield code="d">NVK</subfield><subfield code="d">OCL</subfield><subfield code="d">CVF</subfield><subfield code="d">NVF</subfield><subfield code="d">OCLCQ</subfield><subfield code="d">OCLCF</subfield><subfield code="d">OCLCO</subfield><subfield code="d">NVF</subfield><subfield code="d">OCLCO</subfield><subfield code="d">OCL</subfield></datafield><datafield ind1="1" ind2=" " tag="029"><subfield code="a">AU@</subfield><subfield code="b">000026751691</subfield></datafield><datafield ind1=" " ind2=" " tag="042"><subfield code="a">pcc</subfield></datafield><datafield ind1=" " ind2=" " tag="043"><subfield code="a">n-us-il</subfield></datafield><datafield ind1="0" ind2=" " tag="130"><subfield code="a">Republican sentinel (Sycamore, Ill.)</subfield></datafield><datafield ind1="1" ind2="0" tag="245"><subfield code="a">Republican sentinel.</subfield></datafield><datafield ind1=" " ind2=" " tag="260"><subfield code="a">Sycamore, De Kalb County, Ill. :</subfield><subfield code="b">H.A. Hough,</subfield><subfield code="c">1854-1857.</subfield></datafield><datafield ind1="3" ind2=" " tag="260"><subfield code="3">&lt;Dec. 1855&gt;-&lt;&gt;</subfield><subfield code="a">Sycamore, De Kalb County, Ill. :</subfield><subfield code="b">Gilbert L. Hough</subfield></datafield><datafield ind1=" " ind2=" " tag="300"><subfield code="a">v.</subfield></datafield><datafield ind1=" " ind2=" " tag="310"><subfield code="a">Weekly</subfield></datafield><datafield ind1="0" ind2=" " tag="362"><subfield code="a">Vol. 1, no. 1 (May 31, 1854)-v. 4, no. 7 (Feb. 19, 1857) = whole no. 1-140.</subfield></datafield><datafield ind1=" " ind2=" " tag="500"><subfield code="a">"Devoted to politics, temperance, education, markets, and general news."</subfield></datafield><datafield ind1=" " ind2=" " tag="530"><subfield code="a">Available on microfilm;</subfield><subfield code="b">Illinois State Historical Library.</subfield></datafield><datafield ind1=" " ind2="0" tag="650"><subfield code="a">Temperance</subfield><subfield code="z">Illinois</subfield><subfield code="z">De Kalb County</subfield><subfield code="z">Sycamore</subfield><subfield code="v">Newspapers.</subfield></datafield><datafield ind1=" " ind2="0" tag="650"><subfield code="a">Education</subfield><subfield code="z">Illinois</subfield><subfield code="z">De Kalb County</subfield><subfield code="z">Sycamore</subfield><subfield code="v">Newspapers.</subfield></datafield><datafield ind1=" " ind2="0" tag="650"><subfield code="a">Economics</subfield><subfield code="z">Illinois</subfield><subfield code="z">De Kalb County</subfield><subfield code="z">Sycamore</subfield><subfield code="v">Newspapers.</subfield></datafield><datafield ind1=" " ind2="0" tag="651"><subfield code="a">Sycamore (Ill.)</subfield><subfield code="x">Politics and government</subfield><subfield code="v">Newspapers.</subfield></datafield><datafield ind1=" " ind2="0" tag="651"><subfield code="a">De Kalb County (Ill.)</subfield><subfield code="x">Politics and government</subfield><subfield code="v">Newspapers.</subfield></datafield><datafield ind1=" " ind2="7" tag="655"><subfield code="a">Newspapers.</subfield><subfield code="2">fast</subfield><subfield code="0">(OCoLC)fst01423814</subfield></datafield><datafield ind1=" " ind2="7" tag="650"><subfield code="a">Economics.</subfield><subfield code="2">fast</subfield><subfield code="0">(OCoLC)fst00902116</subfield></datafield><datafield ind1=" " ind2="7" tag="650"><subfield code="a">Education.</subfield><subfield code="2">fast</subfield><subfield code="0">(OCoLC)fst00902499</subfield></datafield><datafield ind1=" " ind2="7" tag="650"><subfield code="a">Politics and government.</subfield><subfield code="2">fast</subfield><subfield code="0">(OCoLC)fst01919741</subfield></datafield><datafield ind1=" " ind2="7" tag="650"><subfield code="a">Temperance.</subfield><subfield code="2">fast</subfield><subfield code="0">(OCoLC)fst01147309</subfield></datafield><datafield ind1=" " ind2="7" tag="651"><subfield code="a">Illinois</subfield><subfield code="z">De Kalb County.</subfield><subfield code="2">fast</subfield><subfield code="0">(OCoLC)fst01208068</subfield></datafield><datafield ind1=" " ind2="7" tag="651"><subfield code="a">Illinois</subfield><subfield code="z">Sycamore.</subfield><subfield code="2">fast</subfield><subfield code="0">(OCoLC)fst01221238</subfield></datafield><datafield ind1=" " ind2=" " tag="752"><subfield code="a">United States</subfield><subfield code="b">Illinois</subfield><subfield code="c">De Kalb County</subfield><subfield code="d">Sycamore.</subfield></datafield><datafield ind1="0" ind2="0" tag="785"><subfield code="t">DeKalb Co. Republican sentinel</subfield><subfield code="w">(DLC)sn 92053407</subfield><subfield code="w">(OCoLC)27017908</subfield></datafield></record>